@misc{Autoencoder,
  title = {{UFDL Tutorial: Autoencoders}},
  howpublished={\url{http://ufldl.stanford.edu/tutorial/unsupervised/Autoencoders/}, [dostęp:~2017-02-01]}
}

@misc{SuperResolution,
  author = {David Garcia},
  title = {{Image Super Resolution}},
  howpublished={\url{https://github.com/david-gpu/srez}, 2016-10-18 [dostęp:~2016-12-15]}
}

@article{DBLP:journals/corr/RadfordMC15,
  author    = {{Alec Radford, Luke Metz, Soumith Chintala}},
  title     = {{Unsupervised Representation Learning with Deep Convolutional Generative
  Adversarial Networks}},
  volume    = {CoRR, abs/1511.06434},
  year      = {2015},
  url       = {http://arxiv.org/abs/1511.06434},
  timestamp = {Tue, 01 Dec 2015 19:22:34 +0100},
  biburl    = {http://dblp.uni-trier.de/rec/bib/journals/corr/RadfordMC15},
  bibsource = {dblp computer science bibliography, http://dblp.org}
}

@misc{AlphaGO,
  author = {Google Deep Mind},
  title = {{AlphaGO}},
  howpublished={\url{https://deepmind.com/research/alphago/} [dostęp:~2016-12-15]}
}

@misc{FanHuiGO,
  author = {Google Deep Mind},
  title = {{In a Huge Breakthrough, Google’s AI Beats a Top Player at the Game of Go}},
  publisher = {Wired},
  howpublished={\url{https://goo.gl/7Vq0kh} [dostęp:~2016-12-15]}
}

@misc{LeeSedolGO,
  author = {Google Deep Mind},
  title = {{Google achieves AI 'breakthrough' by beating Go champion}},
  publisher = {BBC News},
  howpublished={\url{http://www.bbc.com/news/technology-35420579}, 2016-01-27 [dostęp:~2016-12-15]}
}

@misc{checkersSolved,
  author    = {{Jonathan Schaeffer, Neil Burch, Yngvi Björnsson, Akihiro Kishimoto, Martin Müller, Robert Lake, Paul Lu, Steve Sutphen}},
  title     = {{Checkers Is Solved, Science, vol.~317 no.~5844 1518-1522, 2007-07-06}}
}

@misc{newborn1997kasparov,
	author = {Monroe Newborn},
	title = {{Kasparov versus Deep Blue : computer chess comes of age, Springer, 1997}}
}

@misc{feed-forward-net-source,
  author = {{Hugo Larochelle}},
  title  = {{Neural networks [7.1] : Deep learning~--~motivation}},
  howpublished = {\url{https://www.youtube.com/watch?v=vXMpKYRhpmI}, 2013-11-15 [dostęp:~2016-12-15]}
}

@misc{cifar10and100,
  title = {{Cifar-10 and Cifar-100 Datasets}},
  howpublished={\url{https://www.cs.toronto.edu/~kriz/cifar.html} [dostęp:~2016-12-15]}
}

@misc{imagenet,
  title = {{Image Net}},
  howpublished = {\url{http://www.image-net.org/} [dostęp:~2016-12-15]}
}
